@article{Freire2008,
	address = {Los Alamitos, CA, USA},
	author = {Freire, Juliana and Koop, David and Santos, Emanuele and Silva, Cl{\'{a}}udio T},
	journal = {Computing in Science and Engineering},
	mendeley-groups = {prov-xg public bibliography,TAPP13-DPROV,BMC-supplement,e-science10Refs,BITS-supplement},
	number = {3},
	pages = {11--21},
	publisher = {IEEE Computer Society},
	title = {{Provenance for Computational Tasks: A Survey}},
	volume = {10},
	year = {2008}
}


@article{Katz,
  author    = {Daniel S. Katz and Arfon M. Smith},
  title     = {\href{http://arxiv.org/abs/1407.5117}{Implementing Transitive Credit with {JSON-LD}}},
  journal   = {CoRR},
  volume    = {abs/1407.5117},
  year      = {2014},
  url       = ,
  timestamp = {Fri, 01 Aug 2014 13:50:01 +0200},
  biburl    = {http://dblp.uni-trier.de/rec/bib/journals/corr/KatzS14},
  bibsource = {dblp computer science bibliography, http://dblp.org}
}


@inbook{nw14,
	title = "No Workflow: Capturing and analyzing provenance of scripts",
	author = "Leonardo Murta and Vanessa Braganholo and Fernando Chirigati and David Koop and Juliana Freire",
	year = "2015",
	doi = "10.1007/978-3-319-16462-5_6",
	isbn = "9783319164618",
	volume = "8628",
	series = "Lecture Notes in Computer Science (including subseries Lecture Notes in Artificial Intelligence and Lecture Notes in Bioinformatics)",
	publisher = "Springer Verlag",
	pages = "71--83",
	booktitle = "Lecture Notes in Computer Science (including subseries Lecture Notes in Artificial Intelligence and Lecture Notes in Bioinformatics)",
}


@article{yesworkflow,
author    = {Timothy McPhillips and Tianhong Song and Tyler Kolisnik and Steve Aulenbach and Khalid Belhajjame and Kyle Bocinsky and Yang Cao and Fernando Chirigati and Saumen Dey and Juliana Freire and Deborah Huntzinger and Christopher Jones and David Koop and Paolo Missier and Mark Schildhauer and Christopher Schwalm and Yaxing Wei and James Cheney and Mark Bieda and Bertram Ludaescher},
title     = {\href{http://www.ijdc.net/index.php/ijdc/article/view/10.1.298}{YesWorkflow: A User-Oriented, Language-Independent Tool for Recovering Workflow Information from Scripts}},
pages     = {298-313},
year      = {2015},
volume    = {10},
issue     = {1},
journal   = {International Journal of Digital Curation}
}



@inproceedings{missing-link,
	author = {Missier, Paolo and Lud\"ascher, Bertram and Bowers, Shawn and Anand, Manish Kumar and Altintas, Ilkay and Dey, Saumen and Sarkar, Anandarup and Shrestha, Biva and Goble, Carole},
	booktitle = {5th Workshop on Workflows in Support of Large-Scale Science (WORKS)},
	title = {\href{http://www.dataone.org/sites/all/documents/DataTol.pdf}{Linking Multiple Workflow Provenance Traces for Interoperable Collaborative Science}},
	year = {2010},
}


@inproceedings{data-trajectories,
	author = {Missier, Paolo},
	booktitle = {Procs. 11th Intl. Data Curation Conference},
	publisher = {DCC},
	title = {\href{http://homepages.cs.ncl.ac.uk/paolo.missier/doc/DT.pdf}{Data trajectories: tracking reuse of published data for transitive credit attribution}},
	year = {2016},
}


@misc{christopher,
        author = {Christopher Schwalm},
	title = {\href{https://search-sandbox-2.test.dataone.org/#view/metadata_07277c1f-b2c2-467c-8aa2-792863524a21.xml}{Demonstration Data-Package}},
      note={\href{https://goo.gl/rYOZyh}{https://goo.gl/rYOZyh}},
      year = 2016,
}


@misc{yaxing,
        author = {Yaxing Wei},
	title = {\href{https://search-sandbox-2.test.dataone.org/#view/metadata_e859d2dd-c5e6-4ec6-892f-1b00bb6f8f65.xml}{Demonstration Data-Package}},
     note = {\href{https://goo.gl/BsHSuK}{https://goo.gl/BsHSuK}},
      year = 2016,
}


@misc{dataone,
	title = {{Data Observation Network for Earth (DataONE)}},
	howpublished = "\href{https://www.dataone.org}{https://www.dataone.org}",
	annote = "[last accessed 10-April-2016]"
}


@misc{dataone-demo,
	title = {{DataONE Search Demo Site}},
	howpublished = "\href{https://search-sandbox-2.test.dataone.org}{https://search-sandbox-2.test.dataone.org}",
	annote = "[last accessed 10-April-2016]"
}


@misc{matlabdataone,
	author = {Christopher Jones and Yang Cao and Peter Slaughter and Matthew B. Jones},
	title = {{Matlab DataONE Toolbox}},
	howpublished = "\href{https://github.com/DataONEorg/matlab-dataone}{https://github.com/DataONEorg/matlab-dataone}",
        year = 2016,
	annote = "[last accessed 10-April-2016]"
}


@misc{recordr,
	author = {Peter Slaughter and Matthew B. Jones and Christopher Jones},
	title = {{recordr: Provenance tracking for R}},
	howpublished = "\href{https://github.com/NCEAS/recordr}{https://github.com/NCEAS/recordr}",
        year = 2016,
	annote = "[last accessed 10-April-2016]"
}


@misc{oaiore,
	title = {{Open Archives Initiative Object Reuse and Exchange}},
	howpublished = "\href{https://www.openarchives.org/ore/}{https://www.openarchives.org/ore/}",
	annote = "[last accessed 10-April-2016]"
}


@misc{provone,
        author = {V{\'\i}ctor Cuevas-Vicentt{\'\i}n, and others}, 
	title = {\href{https://purl.dataone.org/provone-v1-dev}{ProvONE: A PROV Extension Data Model for Scientific Workflow Provenance}},
	annote = "[last accessed 10-April-2016]",
   year = 2015
}


@misc{prov-o,
	title = {{W3C PROV-O: The PROV Ontology}},
	howpublished = "\href{https://www.w3.org/TR/prov-o/}{https://www.w3.org/TR/prov-o/}",
	annote = "[last accessed 10-April-2016]"
}

@misc{dataone-prov-tech-report-2016,
     title = {\href{https://github.com/DataONEorg/provweek2016-demo/blob/master/dataone-demo-latex-version/dataone-prov-demo-long.pdf}{DataONE: A Data Federation with Provenance Support}},
     author = {Yang Cao and  Christopher Jones and V\'ictor Cuevas-Vicentt\'in and  Matthew B.\ Jones and Bertram Lud\"ascher and Timothy McPhillips and Paolo Missier and  Christopher Schwalm and Peter Slaughter and Dave Vieglais and Lauren Walker and Yaxing~Wei},
     year = 2016,
     note = {Demo-Paper (Extended Tech-Report)}
}


@misc{yw-matlab,
	title = {{YesWorkflow-MATLAB}},
	author = "{Timothy McPhillips}",
	howpublished = "\href{https://github.com/yesworkflow-org/yw-matlab}{https://github.com/yesworkflow-org/yw-matlab}",
	year = {2015},
	month = {12},
	annote = "[last accessed 12-April-2016]"
}

@data{MsTMIP-model-driver-data-set,
 	author = {Wei, Y. and Liu, ShiShi and Huntzinger, D.N. and Michalak, A.M. and Viovy, N. and Post, W.M. and Schwalm, C.R. and Schaefer, K. and Jacobson, A.R. and Lu, C. and Tian, H. and Ricciuto, D.M. and Cook, R.B. and Mao, J. and Shi, X.},
  	publisher = {ORNL Distributed Active Archive Center},
  	title = {\href{http://dx.doi.org/10.3334/ORNLDAAC/1220}{NACP MsTMIP: Global and North American Driver Data for Multi-Model Intercomparison}},
  	year = {2014}
}


@data{MsTMIP-model-output-data-set,
 	author = {Huntzinger, D.N. and C.R. Schwalm and Y. Wei and R.B. Cook and A.M. Michalak and K. Schaefer and A.R. Jacobson and M.A. Arain and P. Ciais and J.B. Fisher and D.J. Hayes and  M. Huang and S. Huang and A. Ito and A.K. Jain and H. Lei and C. Lu and F. Maignan and J. Mao and N. Parazoo and C. Peng and S. Peng and B. Poulter and D.M. Ricciuto and H. Tian and Xiaoying Shi and W. Wang and N. Zeng and F. Zhao and Q. Zhu },
  	publisher = {ORNL Distributed Active Archive Center},
  	title = {\href{http://dx.doi.org/10.3334/ORNLDAAC/1225}{NACP MsTMIP: Global 0.5-deg Terrestrial Biosphere Model Outputs (version 1) in Standard Format}},
  	annote = {in press}
}
